@book{Benthem2012,
author = {Benthem, Johan Van and Minică, Ştefan},
booktitle = {Journal of Philosophical Logic},
doi = {10.1007/s10992-012-9233-7},
isbn = {1099201292337},
issn = {0022-3611},
month = {jun},
number = {4},
pages = {633--669},
title = {{Toward a Dynamic Logic of Questions}},
url = {http://link.springer.com/10.1007/s10992-012-9233-7},
volume = {41},
year = {2012}
}



@book{Wittgenstein1977,
	address = {Oxford},
	author = {Wittgenstein, L},
	publisher = {Blackwell},
	title = {{Remarks on Colour}},
	year = {1977}
}

@book{Sanikov1999,
	Address = {М.},
	Author = {Санников, В. З.},
	Mendeley-Tags = {pragmatics},
	Publisher = {Языки русской культуры},
	Title = {{Русский язык в зеркале языковой игры}},
	Year = {1999},
	keywords={russian},
	langid={russian}}

@book{Bulygina1997,
	Address = {М.},
	Author = {Булыгина, Т.В. and Шмелев, Д.Н.},
	Publisher = {Языки русской культуры},
	Title = {Языковая концептуализация мира},
	Year = {1997},
	keywords={russian},
	langid={russian},
    pagetotal = {576}
    }

@incollection{Vendler1985,
	Address = {М.},
	Author = {Вендлер, З.},
	Booktitle = {Новое в зарубежной лингвистике},
	Pages = {238-250},
	Publisher = {Прогресс},
	Title = {{Иллокутивное самоубийство}},
	Year = {1985},
	keywords={russian},
	langid={russian}}

@book{Brown1987,
	Address = {Cambridge},
	Author = {Brown, Penelope and Levinson, Stephen C},
	Isbn = {0521313554},
	Keywords = {politeness},
	langid={english},
	Publisher = {Cambridge University Press},
	Title = {{Politeness: Some Universals in Language Usage}},
	Year = {1987},
	Bdsk-Url-1 = {http://www.amazon.com/Politeness-Universals-Language-Interactional-Sociolinguistics/dp/0521313554}}


@article{Bar-Hillel,
	Author = {Bar-Hillel, Yehoshua},
	Date-Modified = {2016-01-14 14:32:17 +0000},
	File = {:Users/service-tt/Google Диск/Mendeley Desktop/Bar-Hillel/Linguistic Inquiry/Bar-Hillel - Out of the Pragmatic Wastebasket - 1971.pdf:pdf},
	Journal = {Linguistic Inquiry},
	Mendeley-Tags = {Pragmatics},
	Number = {3},
	Pages = {401--407},
	Title = {{Out of the Pragmatic Wastebasket}},
	Volume = {2},
	Year = {1971},
	Bdsk-Url-1 = {http://www.jstor.org/stable/4177643}}

@incollection{Grice1975,
	Address = {New York},
	Author = {Grice, Herbert Paul},
	Booktitle = {Syntax and semantics},
	Editor = {Cole, P. and Morgan, J.},
	Pages = {41 - 58},
	Publisher = {Academic Press},
	Title = {{Logic and Conversation}},
	Year = {1975}}

@book{Grice1989,
	Address = {Cambridge MA},
	Author = {Grice, Herbert Paul},
	Date-Modified = {2016-01-14 14:32:17 +0000},
	File = {:Users/service-tt/Google Диск/Mendeley Desktop/Grice/Unknown/Grice - Studies in the Way of Words - 1991.pdf:pdf},
	Isbn = {0674852710},
	Publisher = {Harvard University Press},
	Title = {{Studies in the Way of Words}},
	Year = {1989},
	Bdsk-Url-1 = {http://www.amazon.com/Studies-Way-Words-Paul-Grice/dp/0674852710%20http://philpapers.org/rec/GRISIT},
	langid={english}}

@incollection{1985,
	Address = {М.},
	Author = {Грайс, Г.П.},
	Booktitle = {Новое в зарубежной лингвистике},
	Edition = {XVI},
	Pages = {217-238},
	Publisher = {Прогресс},
	Title = {{Логика и речевое общение}},
	Year = {1985}, 
	keywords={russian},
	langid={russian}}
